@Book{Ozhegov89,
  author =		 {Ожегов, С.И.},
  title =        {Словарь русского языка},
  publisher =    {М.: Рус. яз.},
  pagetotal =    {750},
  year =         {1989},
  language =     "russian"
}

@online{AboutICPC,
  author = {ICPC},
  title = {ICPC Fact Sheet},
  year = {2018},
  url = {https://icpc.global/regionals/abouticpc}
}

@online{TheStandoff,
  title = {The Standoff — официальный сайт},
  year = {2022},
  url = {https://standoff365.com/}
}

@online{CTFTimeTotal,
  title = {CTFTime --- выгрузка базы данных событий},
  year = {2022},
  url = {https://ctftime.org/api/v1/events/?limit=10000000&start=0&finish=1648750425}
}

@online{Durov00,
  author = {Полозов, А.},
  title =  {Декартово дерево по неявному ключу "--- Хабрахабр},
  year =   {2010},
  url =    {https://habr.com/ru/post/102364/}
}

@online{KasperCyber,
  title = {Что такое кибербезопасность "--- Лаборатория Касперского},
  url = {https://www.kaspersky.ru/resource-center/definitions/what-is-cyber-security},
  year = {2022},
}

@Article{Netrusova09,
  author =       {Нетрусова, Н.},
  title =        {Организация исследовательской деятельности школьников в школе
«Интеллектуал»},
  journal =      {Полином},
  year =         {2009},
  OPTnumber =    {1},
  OPTpages =     {55-58},
}

@Article{Fomin21,
  author =       {Д.С. Фомин and А.В. Савкина},
  title =        {Проблемы реализации монолитных систем},
  journal =      {Материалы научной конференции «XLIX Огарёвские чтения»},
  year =         {2021},
  url = {https://www.elibrary.ru/item.asp?id=46231194}
}

@Article{Kraivanova12,
  author = {Крайванова, В. and Крючкова, Е.},
  title =  {Олимпиадное программирование как эффективный инструмент подготовки профессиональных программистов},
  journal = {Вестник НГУ. Серия: Информационные технологии},
  year = {2012},
  OPTnumber = {4},
  url =  {https://cyberleninka.ru/article/n/olimpiadnoe-programmirovanie-kak-effektivnyy-instrument-podgotovki-professionalnyh-programmistov}
}

@Article{Vka21,
  author =       {Бирюков, Д. and Воробьёв, А. and Ястребов, А.},
  title =        {Опыт подготовки и проведения соревнований по компьютерной безопасности},
  journal =      {Труды военно-космической академии имени А. Ф. Можайского},
  year =         {2021},
  OPTnumber =    {678},
  OPTpages =     {113-131},
}

@Article{Kolegov08,
  author =       {Колегов Д. and Чернушенко Ю.},
  title =        {О соревнованиях CTF по компьютерной безопасности},
  journal =      {ПДМ},
  year =         {2008},
  OPTnumber =    {2 (2)},
}

@online{defcon,
  author = {{DEF CON}},
  title = {CTF History},
  year = {2010},
  url = {https://defcon.org/html/links/dc-ctf-history.html},
  urldate = {25.01.2022},
  language =     "english"
}

@online{RG17,
  author = {{Ивойлова И.}},
  title = {Васильева предложила обучать школьников кибербезопасности --- Российская Газета},
  year = {2017},
  date = {17.04.2017},
  url = {https://rg.ru/2017/04/17/vasileva-predlozhila-obuchat-shkolnikov-kiberbezopasnosti.html},
  urldate = {20.03.2022},
  language =     "russian"
}

@article{vigna2014:ictf,
    title = {{Ten Years of iCTF: The Good, The Bad, and The Ugly}},
    author = {Giovanni Vigna and Borgolte, Kevin and Corbetta, Jacopo and Doupe, Adam and Fratantonio, Yanick and Luca Invernizzi and Kirat, Dhilung and Shoshitaishvili, Yan},
    booktitle = {Proceedings of the USENIX Summit on Gaming, Games and Gamification in Security Education (3GSE)},
    address = {San Diego, CA},
    month = {August},
    year = {2014}
}

@Book{Course,
  author = {Абе К. О. and Амиантов Н. И. and Клименко И. С. and Сычёв Н. В.},
  title =        {Информационные технологии и их безопасность. Онлайн-учебник},
  publisher =    {[team Team]},
  year =         {2020},
  url = {https://course.ugractf.ru/},
  urldate = {25.04.2022}
}

@document{OlympPolozhenie,
  title = {Положение о проведении Юниорской олимпиады по защите информации Ugra CTF в 2021--2022 учебном году},
  year = {2022},
  url = {https://o.ugractf.ru/ugractf-21-22-polozhenie.pdf}
}

@document{Olymp,
  title = {Регламент проведения Юниорской олимпиады по информационной безопасности Ugra CTF в 2021--2022 учебном году},
  year = {2022},
  url = {https://o.ugractf.ru/ugractf-21-22-reglament.pdf}
}

@document{Olymp20,
  title = {Регламент проведения Юниорской олимпиады по информационной безопасности Ugra CTF в 2019--2020 учебном году},
  year = {2020},
  url = {https://2020.ugractf.ru/static/regulations-school.pdf}
}

@document{Rosolymp,
  title = {Прикaз Министерства образования и науки Российской Федерации (Минобрнауки России) от 4 апреля 2014 г. N 267 г. Москва «Об утверждении Порядка проведения олимпиад школьников»},
  year = 2014,
  url = {https://rg.ru/documents/2014/07/04/provedenie-dok.html}
}

@ARTICLE{Parnas85,
  author={Parnas, D.L. and Clements, P.C. and Weiss, D.M.},
  journal={IEEE Transactions on Software Engineering},
  title={The Modular Structure of Complex Systems},
  year={1985},
  volume={SE-11},
  number={3},
  pages={259-266},
  doi={10.1109/TSE.1985.232209}}

@article{Cioni88,
  title={How to treat decision problems by different programming methodologies},
  author={Cioni, G and Miola, A},
  journal={Banach Center Publications},
  volume={21},
  number={1},
  pages={185--196},
  year={1988},
  publisher={Institute of Mathematics Polish Academy of Sciences}
}

@Book{Vereshen08-3,
  author =		 {Верещагин Н.К. and Шень А.},
  title =        {Словарь русского языка},
  publisher =    {М.: МЦНМО.},
  pagetotal =    {192},
  pages = {148--153},
  year =         {2008},
  language =     "russian"
}

@Book{Cryptodict,
  author =		 {Б. А. Погорелов and В. Н. Сачков},
  title =        {Словарь криптографических терминов},
  publisher =    {М.: МЦНМО.},
  pagetotal =    {50},
  pages =        {46},
  year =         {2006},
  language =     "russian"
}


@article{Turing37,
author = {Turing, A. M.},
title = {On Computable Numbers, with an Application to the Entscheidungsproblem},
journal = {Proceedings of the London Mathematical Society},
volume = {s2-42},
number = {1},
pages = {230-265},
doi = {https://doi.org/10.1112/plms/s2-42.1.230},
url = {https://londmathsoc.onlinelibrary.wiley.com/doi/abs/10.1112/plms/s2-42.1.230},
eprint = {https://londmathsoc.onlinelibrary.wiley.com/doi/pdf/10.1112/plms/s2-42.1.230},
year = {1937}
}

@online{Selectric,
author = {Калан Абе},
title = {Описание задачи Selectric},
url = {https://github.com/teamteamdev/ugractf-2020-quals/tree/master/tasks/selectric}
}